@article{tu,
    title = "Approximate Distance Oracles",
    author = "Mikkel Thorup and Uri Zwick",
    year = "2005",
    volume = "52",
    number = "1",
    pages = "1--24",
    journal = "jacm",
}

@article{Dijkstra59anote,
    author = {E. W. Dijkstra},
    title = {A Note on Two Problems in Connexion with Graphs},
    journal = {NUMERISCHE MATHEMATIK},
    year = {1959},
    volume = {1},
    number = {1},
    pages = {269--271}
}

@article{bellman,
    author = {Richard Bellman},
    title = {On a Routing Problem},
    journal = {Quarterly of Applied Mathematics},
    year = {1958},
    volume = {16},
    number = {1},
    pages = {87--90}
}

@article{floydapsp,
 author = {Floyd, Robert W.},
 title = {Algorithm 97: Shortest Path},
 journal = {Commun. ACM},
 issue_date = {June 1962},
 volume = {5},
 number = {6},
 month = jun,
 year = {1962},
 issn = {0001-0782},
 pages = {345--},
 doi = {10.1145/367766.368168},
 acmid = {368168},
 publisher = {ACM},
 address = {New York, NY, USA},
} 

@article{sp_billion_nodes,
  added-at = {2013-09-12T00:00:00.000+0200},
  author = {Qi, Zichao and Xiao, Yanghua and Shao, Bin and Wang, Haixun},
  biburl = {http://www.bibsonomy.org/bibtex/23963ac53f0fc1e979d9edf1d7f9ccaa2/dblp},
  ee = {http://www.vldb.org/pvldb/vol7/p61-xiao.pdf},
  interhash = {01aa4a5590c58e0ada4c230b6253f1dc},
  intrahash = {3963ac53f0fc1e979d9edf1d7f9ccaa2},
  journal = {PVLDB},
  keywords = {dblp},
  number = 1,
  pages = {61-72},
  timestamp = {2013-09-12T00:00:00.000+0200},
  title = {Toward a Distance Oracle for Billion-Node Graphs.},
  url = {http://dblp.uni-trier.de/db/journals/pvldb/pvldb7.html#QiXSW13},
  volume = 7,
  year = 2013
}
@article{thorupsssp,
 author = {Thorup, Mikkel},
 title = {Undirected Single-source Shortest Paths with Positive Integer Weights in Linear Time},
 journal = {J. ACM},
 issue_date = {May 1999},
 volume = {46},
 number = {3},
 month = may,
 year = {1999},
 issn = {0004-5411},
 pages = {362--394},
 numpages = {33},
 url = {http://doi.acm.org/10.1145/316542.316548},
 doi = {10.1145/316542.316548},
 acmid = {316548},
 publisher = {ACM},
 address = {New York, NY, USA},
 keywords = {RAM algorithms, shortest paths},
} 
@book{clrs09,
  author = "T.~H. Cormen and C.~E. Leiserson and R.~L. Rivest and C.~Stein",
  edition = "3rd",
  publisher = "The MIT Press",
  title = "Introduction to Algorithms",
  year = "2009",
  isbn = "978-0-262-03384-8"
}

@misc{snapnets,
  author       = {Jure Leskovec and Andrej Krevl},
  title        = {{SNAP Datasets}: {Stanford} Large Network Dataset Collection},
  howpublished = {\url{http://snap.stanford.edu/data}},
  month        = jun,
  year         = 2014
}




@article{compactNameIndepRouting,
 author = {Thorup et. al, Mikkel},
 title = {Compact Name-Independent Routing with Minimum Stretch},
 journal = {ACM Transactions on Algorithms},
 issue_date = {May 2008},
 volume = {4},
 number = {3},
 month = June,
 year = {2008},
 pages = {37:1--37:11},
 publisher = {ACM},
} 
@article{gavoilleAndGengler2001,
 author = {Gavoille, C and Gengler, M},
 title = {Space-efficiency for routing schemes of stretch factor three},
 journal = {J. Parall. Dist. Comput.},
 issue_date = {M. 2001},
 volume = {61},
 number = {5},
 year = {2001},
 pages = {679--687},
} 
Gavoille and Gengler [2001]:
GAVOILLE , C., AND GENGLER , M. 2001. Space-efficiency for routing schemes of stretch factor three. J. Parall. Dist. Comput. 61, 5, 679–687.

@article{fraigniaudGavoille2001,
 author = {Fraigniaud, P and Gavoille, C},
 title = {Routing in trees},
 journal = {In Proceedings of the 28th International Colloqium on Automata, Languages and Programming (ICALP), Lecture Notes in Computer Science},
 issue_date = {C. 2001},
 volume = {2076},
 number = {5},
 year = {2001},
 pages = {757--772},
 publisher = {Springer-Verlag},
} 
FRAIGNIAUD , P., AND GAVOILLE , C. 2001. Routing in trees. In Proceedings of the 28th International
Colloqium on Automata, Languages and Programming (ICALP). Lecture Notes in Computer Science,
vol. 2076. Springer-Verlag, New York, 757–772.

@article{thorupZwick2001b,
 author = {Thorup, M and Zwick, U},
 title = {Compact routing schemes},
 journal = {In Proceedings of the 13th Annual ACM Symposium on Parallel Algorithms and Architectures (SPAA)},
 issue_date = {U. 2001b},
 year = {2001},
 pages = {1--10},
 publisher = {ACM},
}
THORUP , M., AND ZWICK , U. 2001b. Compact routing schemes. In Proceedings of the 13th Annual ACM
Symposium on Parallel Algorithms and Architectures (SPAA). ACM, New York, 1–10.

------

[Awerbuch Et Al. 1990:]
AWERBUCH , B., NOY , A. B., LINIAL , N., AND PELEG , D. 1990. Improved routing strategies with succinct tables. J. Algor. 11, 3, 307–341.
|
AWERBUCH , B., AND PELEG , D. 1990. Sparse partitions. In Proceedings of the 31st IEEE Symposium on Foundations of Computer Science (FOCS). IEEE Computer Society Press, Los Alamitos, CA, 503–513.
|
A WERBUCH , B., B AR -N OY , A., L INIAL , N., AND P ELEG , D. 1989. Compact distributed data structures for adaptive routing. In Proceedings of the 21st Annual ACM Symposium on Theory of Computing. ACM, New York, 479–489.

???


@article{ariasEtAl2003,
 author = {Arias, M and Cowen, L J and Laying, K A and Rajaraman, R and Taka, O},
 title = {Compact routing with name independence},
 journal = {In Proceedings of the 15th annual ACM Symposium on Parallel Algorithms and Architectures},
 issue_date = {O. 2003},
 year = {2003},
 pages = {184--192},
 publisher = {ACM},
} 
Arias et al. [2003]
ARIAS , M., COWEN , L. J., LAING , K. A., RAJARAMAN , R., AND TAKA , O. 2003. Compact routing with name independence. In Proceedings of the 15th annual ACM Symposium on Parallel Algorithms and Architectures. ACM, New York, 184–192.
